<record><leader>00000cas a2200000 a 4500</leader><controlfield tag="001">11086710</controlfield><controlfield tag="008">840824d18781879ksuwr ne      0   a0eng d</controlfield><datafield ind1=" " ind2=" " tag="010"><subfield code="a">sn 84029495 </subfield></datafield><datafield ind1=" " ind2=" " tag="040"><subfield code="a">KSH</subfield><subfield code="b">eng</subfield><subfield code="c">KSH</subfield><subfield code="d">NPT</subfield><subfield code="d">OCL</subfield><subfield code="d">OCLCQ</subfield></datafield><datafield ind1=" " ind2=" " tag="042"><subfield code="a">msc</subfield></datafield><datafield ind1="0" ind2=" " tag="130"><subfield code="a">Sentinel (Highland, Kan.)</subfield></datafield><datafield ind1="1" ind2="4" tag="245"><subfield code="a">The sentinel.</subfield></datafield><datafield ind1=" " ind2=" " tag="260"><subfield code="a">Highland, Kan. :</subfield><subfield code="b">[E.A. Davis],</subfield><subfield code="c">1878-1879.</subfield></datafield><datafield ind1=" " ind2=" " tag="300"><subfield code="a">1 v. :</subfield><subfield code="b">ill. ;</subfield><subfield code="c">55 cm.</subfield></datafield><datafield ind1=" " ind2=" " tag="310"><subfield code="a">Weekly</subfield></datafield><datafield ind1="0" ind2=" " tag="362"><subfield code="a">Vol. 1, no. 37 (Oct. 4, 1878)-v. 2, no. 5 (Feb. 21, 1879).</subfield></datafield><datafield ind1=" " ind2=" " tag="500"><subfield code="a">Greenback.</subfield></datafield><datafield ind1=" " ind2=" " tag="515"><subfield code="a">Vol. 1, no. 42 misnumbered v. 1, no. 41.</subfield></datafield><datafield ind1=" " ind2=" " tag="752"><subfield code="a">United States</subfield><subfield code="b">Kansas</subfield><subfield code="c">Doniphan</subfield><subfield code="d">Highland.</subfield></datafield><datafield ind1="0" ind2="0" tag="780"><subfield code="t">Highland sentinel (Highland, Kan.)</subfield><subfield code="w">(DLC)sn 84029494</subfield></datafield></record>